@misc{sarkar
	author 		= "Chandrima Sarkar",
    title		= "Scheduling in Linux",
    published	= {\url {http://www.cs.montana.edu/~chandrima.sarkar/AdvancedOS/CSCI560_Proj_main/}}
}

@misc{iNat8515898,
  title = {{iNaturalist observation - \textit{{D}oleschallia tongana}}},
  year=2017,
  url = {https://www.inaturalist.org/observations/8515898},
  note = {Accessed: 2018-02-28}
}

@misc{iNat_tongana,
    title = {{iNaturalist taxon - \textit{{D}oleschallia tongana}}},
    url = {https://www.inaturalist.org/taxa/243700-Doleschallia-tongana},
    year={2018},
    note = {Accessed: 2018-02-28}
}
       
@book{schreiner1997,
	title = {{Butterflies of Micronesia}},
	url = {http://guaminsects.myspecies.info/sites/guaminsects.myspecies.info/files/ButterfliesOfMicronesia.pdf},
	urldate = {2018-02-27},
	publisher = {University of Guam},
	author = {Schreiner, Ilse H. and Nafus, Donald M},
	year = {1997},
	file = {ButterfliesOfMicronesia.pdf:/home/aubrey/Zotero/storage/EV4F9QDS/ButterfliesOfMicronesia.pdf:application/pdf},
 note = {Accessed: 2018-02-28},
}

@misc{GBIF_2018,
    year={2018},
    author = {GBIF},
	title = {Taxon - \textit{Doleschallia bisaltide tongana} {Hopkins, 1927.}},
	url = {https://www.gbif.org/species/6234344},
	note = {Accessed: 2018-02-28},
}

@book{Robinson1975,
author={Robinson, G. S.},
year=1975,
title={Macrolepidoptera of Fiji and Rotuma, a taxonomic
and biogeographical study},
publisher={Classey},
pages={362},
}
