@misc{sarkar:online,
	author = "Chandrima Sarkar",
	title = "Scheduling in Linux",
	howpublished = {\url {http://www.cs.montana.edu/~chandrima.sarkar/AdvancedOS/CSCI560_Proj_main/}}
}

@book{Love,
    author    = "Robert Love",
    title     = "Linux Kernel Development",
    publisher = "Pearson Education, Inc.",
    edition   = "Third",
    year      = "2010"
}    

@misc{MSDN:online,
author = {},
title = {Scheduling Priorities},
howpublished = {\url{https://msdn.microsoft.com/en-us/library/windows/desktop/ms685100(v=vs.85).aspx}},
month = {},
year = {},
}

@book{Wini,
    author    = "Mark Russinovich",
    title     = "Windows Internals",
    edition   = "Sixth",
    year      = "2012",
    publisher = "Microsoft Press",
    annote    = "Developer Reference for the windows world."
}    


@misc{process,
author = {Shankar Raman},
title = {Process behavior in WIndows and Linux},
howpublished = {\url{https://en.wikipedia.org/wiki/Scheduling_(computing)}},
month = {},
year = {},
}

@misc{ule,
author = {},
title = {ULE scheduler},
howpublished = {\url{https://en.wikipedia.org/wiki/ULE_scheduler}},
month = {},
year = {},
}


@book{freeBsdBook,
  Author = {Marshall Kirk McKusick and George V. Neville-Neil and Robert N.M. Watson},
  Title = {The Design and Implementation of the FreeBSD Operating System},
  Publisher = {Addison-Wesley Professional},
  Year = {2014},
  ISBN = {9780321968975},
  URL = {https://www.amazon.com/Design-Implementation-FreeBSD-Operating-System-ebook/dp/B00O56CFEE?SubscriptionId=0JYN1NVW651KCA56C102&tag=techkie-20&linkCode=xm2&camp=2025&creative=165953&creativeASIN=B00O56CFEE}
}
