@misc{online,
author = {},
title = {Understanding the Windows I/O System | Microsoft Press Store},
howpublished = {\url{https://www.microsoftpressstore.com/articles/article.aspx?p=2201309&seqNum=3}},
month = {},
year = {},
}


@book{Linux_book, place={Upper Saddle River}, 
edition={3},
title={Linux kernel development}, 
publisher={Addison-Wesley}, 
author={Love, Robert}, 
year={2015}
}

@book{freeBsdBook,
  Author = {Marshall Kirk McKusick and George V. Neville-Neil and Robert N.M. Watson},
  Title = {The Design and Implementation of the FreeBSD Operating System},
  Publisher = {Addison-Wesley Professional},
  Year = {2014},
  ISBN = {9780321968975},
}






